@book{hebborganizationofbehavior1949,
  address = {New York},
  author = {Hebb, Donald O.},
  month = jun,
  publisher = {Wiley},
  title={The organization of behavior: {A} neuropsychological theory},
  year = 1949
}

@article{hubel1962receptive,
  title={Receptive fields, binocular interaction and functional architecture in the cat's visual cortex},
  author={Hubel, David H and Wiesel, Torsten N},
  journal={The Journal of physiology},
  volume={160},
  number={1},
  pages={106--154},
  year={1962},
  publisher={Wiley Online Library}
}

@article{rust2010selectivity,
  title={Selectivity and tolerance (“invariance”) both increase as visual information propagates from cortical area V4 to IT},
  author={Rust, Nicole C and DiCarlo, James J},
  journal={Journal of Neuroscience},
  volume={30},
  number={39},
  pages={12978--12995},
  year={2010},
  publisher={Soc Neuroscience}
}

@article{uzzell2004precision,
  title={Precision of spike trains in primate retinal ganglion cells},
  author={Uzzell, VJ and Chichilnisky, EJ},
  journal={Journal of Neurophysiology},
  volume={92},
  number={2},
  pages={780--789},
  year={2004},
  publisher={American Physiological Society}
}

@article{hinkle2002three,
  title={Three-dimensional orientation tuning in macaque area V4},
  author={Hinkle, David A and Connor, Charles E},
  journal={Nature neuroscience},
  volume={5},
  number={7},
  pages={665},
  year={2002},
  publisher={Nature Publishing Group}
}

@article{yamane2008neural,
  title={A neural code for three-dimensional object shape in macaque inferotemporal cortex},
  author={Yamane, Yukako and Carlson, Eric T and Bowman, Katherine C and Wang, Zhihong and Connor, Charles E},
  journal={Nature neuroscience},
  volume={11},
  number={11},
  pages={1352},
  year={2008},
  publisher={Nature Publishing Group}
}


@article{hong2016explicit,
  title={Explicit information for category-orthogonal object properties increases along the ventral stream},
  author={Hong, Ha and Yamins, Daniel LK and Majaj, Najib J and DiCarlo, James J},
  journal={Nature neuroscience},
  volume={19},
  number={4},
  pages={613},
  year={2016},
  publisher={Nature Publishing Group}
}

@article{kar2019evidence,
  title={Evidence that recurrent circuits are critical to the ventral stream’s execution of core object recognition behavior},
  author={Kar, Kohitij and Kubilius, Jonas and Schmidt, Kailyn and Issa, Elias B and DiCarlo, James J},
  journal={Nature neuroscience},
  volume={22},
  number={6},
  pages={974},
  year={2019},
  publisher={Nature Publishing Group}
}

@article{resulaj2018first,
  title={First spikes in visual cortex enable perceptual discrimination},
  author={Resulaj, Arbora and Ruediger, Sarah and Olsen, Shawn R and Scanziani, Massimo},
  journal={Elife},
  volume={7},
  pages={e34044},
  year={2018},
  publisher={eLife Sciences Publications Limited}
}



@article{gollisch2008rapid,
  title={Rapid neural coding in the retina with relative spike latencies},
  author={Gollisch, Tim and Meister, Markus},
  journal={science},
  volume={319},
  number={5866},
  pages={1108--1111},
  year={2008},
  publisher={American Association for the Advancement of Science}
}

@article{johansson2004first,
  title={First spikes in ensembles of human tactile afferents code complex spatial fingertip events},
  author={Johansson, Roland S and Birznieks, Ingvars},
  journal={Nature neuroscience},
  volume={7},
  number={2},
  pages={170--177},
  year={2004},
  publisher={Nature Publishing Group}
}

@article{johansson2004first,
  title={First spikes in ensembles of human tactile afferents code complex spatial fingertip events},
  author={Johansson, Roland S and Birznieks, Ingvars},
  journal={Nature neuroscience},
  volume={7},
  number={2},
  pages={170},
  year={2004},
  publisher={Nature Publishing Group}
}

@article{reinagel2002precise,
  title={Precise firing events are conserved across neurons},
  author={Reinagel, Pamela and Reid, R Clay},
  journal={Journal of Neuroscience},
  volume={22},
  number={16},
  pages={6837--6841},
  year={2002},
  publisher={Soc Neuroscience}
}

@misc{storchi2012comparison,
  title={Comparison of latency and rate coding for the direction of whisker deflection in the subcortical somatosensory pathway},
  author={Storchi, Riccardo and Bale, Michael R and Biella, Gabriele EM and Petersen, Rasmus S},
  year={2012},
  publisher={American Physiological Society Bethesda, MD}
}

@article{johnson2000neural,
  title={Neural coding},
  author={Johnson, Kenneth O},
  journal={Neuron},
  volume={26},
  number={3},
  pages={563--566},
  year={2000},
  publisher={Elsevier}
}

@article{gerstner1997neural,
  title={Neural codes: firing rates and beyond},
  author={Gerstner, Wulfram and Kreiter, Andreas K and Markram, Henry and Herz, Andreas VM},
  journal={Proceedings of the National Academy of Sciences},
  volume={94},
  number={24},
  pages={12740--12741},
  year={1997},
  publisher={National Acad Sciences}
}

@article{stein2005neuronal,
  title={Neuronal variability: noise or part of the signal?},
  author={Stein, Richard B and Gossen, E Roderich and Jones, Kelvin E},
  journal={Nature Reviews Neuroscience},
  volume={6},
  number={5},
  pages={389--397},
  year={2005},
  publisher={Nature Publishing Group}
}

@article{Rosenblatt_Principles_1961,
  doi={10.21236/AD0256582},
  author={Rosenblatt, Frank},
  title={Principles of Neurodynamics. Perceptrons and the Theory of Brain Mechanisms.},
  year={1961},
  abstract={Part I attempts to review the background, basic sources of data, concepts, and methodology to be employed in the study of perceptrons. In Chapter 2, a brief review of the main alternative approaches to the development of brain models is presented. Chapter 3 considers the physiological and psychological criteria for a suitable model, and attempts to evaluate the empirical evidence which is available on several important issues. Chapter 4 contains basic definitions and some of the notation to be used in later sections are presented. Parts {II} and {III} are devoted to a summary of the established theoretical results obtained to date. Part {II} {(Chapters} 5 through 14) deals with the theory of three-layer series-coupled perceptrons, on which most work has been done to date. Part {III} {(Chapters} 15 through 20) deals with the theory of multi-layer and cross-coupled perceptrons. Part {IV} is concerned with more speculative models and problems for future analysis. Of necessity, the final chapters become increasingly heuristic in character, as the theory of perceptrons is not yet complete, and new possibilities are continually coming to light.}
}


% Polychronization
@ARTICLE{polychronization_reproducibility,
AUTHOR={Pauli, Robin and Weidel, Philipp and Kunkel, Susanne and Morrison, Abigail},   
TITLE={Reproducing Polychronization: A Guide to Maximizing the Reproducibility of Spiking Network Models},      
JOURNAL={Frontiers in Neuroinformatics},      
VOLUME={12},     
PAGES={46},     
YEAR={2018},      
URL={https://www.frontiersin.org/article/10.3389/fninf.2018.00046},       
DOI={10.3389/fninf.2018.00046},      
ISSN={1662-5196},   
   
ABSTRACT={Any modeler who has attempted to reproduce a spiking neural network model from its description in a paper has discovered what a painful endeavor this is. Even when all parameters appear to have been specified, which is rare, typically the initial attempt to reproduce the network does not yield results that are recognizably akin to those in the original publication. Causes include inaccurately reported or hidden parameters (e.g., wrong unit or the existence of an initialization distribution), differences in implementation of model dynamics, and ambiguities in the text description of the network experiment. The very fact that adequate reproduction often cannot be achieved until a series of such causes have been tracked down and resolved is in itself disconcerting, as it reveals unreported model dependencies on specific implementation choices that either were not clear to the original authors, or that they chose not to disclose. In either case, such dependencies diminish the credibility of the model's claims about the behavior of the target system. To demonstrate these issues, we provide a worked example of reproducing a seminal study for which, unusually, source code was provided at time of publication. Despite this seemingly optimal starting position, reproducing the results was time consuming and frustrating. Further examination of the correctly reproduced model reveals that it is highly sensitive to implementation choices such as the realization of background noise, the integration timestep, and the thresholding parameter of the analysis algorithm. From this process, we derive a guideline of best practices that would substantially reduce the investment in reproducing neural network studies, whilst simultaneously increasing their scientific quality. We propose that this guideline can be used by authors and reviewers to assess and improve the reproducibility of future network models.}
}



@article{izhikevich2006polychronization,
  title={Polychronization: computation with spikes},
  author={Izhikevich, Eugene M},
  journal={Neural computation},
  volume={18},
  number={2},
  pages={245--282},
  year={2006},
  publisher={MIT Press}
}




% Feature binding

@article{milner1974model,
  title={A model for visual shape recognition.},
  author={Milner, Peter M},
  journal={Psychological review},
  volume={81},
  number={6},
  pages={521},
  year={1974},
  publisher={American Psychological Association}
}


@article{gray1989stimulus,
  title={Stimulus-specific neuronal oscillations in orientation columns of cat visual cortex},
  author={Gray, Charles M and Singer, Wolf},
  journal={Proceedings of the National Academy of Sciences},
  volume={86},
  number={5},
  pages={1698--1702},
  year={1989},
  publisher={National Acad Sciences}
}


@article{gray1989oscillatory,
  title={Oscillatory responses in cat visual cortex exhibit inter-columnar synchronization which reflects global stimulus properties},
  author={Gray, Charles M and K{\"o}nig, Peter and Engel, Andreas K and Singer, Wolf},
  journal={Nature},
  volume={338},
  number={6213},
  pages={334},
  year={1989},
  publisher={Nature Publishing Group}
}

@article{brecht1998correlation,
  title={Correlation analysis of corticotectal interactions in the cat visual system},
  author={Brecht, Michael and Singer, Wolf and Engel, Andreas K},
  journal={Journal of neurophysiology},
  volume={79},
  number={5},
  pages={2394--2407},
  year={1998},
  publisher={American Physiological Society Bethesda, MD}
}


@article{von1981correlation,
  title={The correlation theory of brain function (Internal Report 81-2)},
  author={von der Malsburg, Christoph},
  journal={Goettingen: Department of Neurobiology, Max Planck Intitute for Biophysical Chemistry},
  year={1981}
}

@article{shadlen1999synchrony,
  title={Synchrony unbound: a critical evaluation of the temporal binding hypothesis},
  author={Shadlen, Michael N and Movshon, J Anthony},
  journal={Neuron},
  volume={24},
  number={1},
  pages={67--77},
  year={1999},
  publisher={Elsevier}
}

@article{fries2001rapid,
  title={Rapid feature selective neuronal synchronization through correlated latency shifting},
  author={Fries, Pascal and Neuenschwander, Sergio and Engel, Andreas K and Goebel, Rainer and Singer, Wolf},
  journal={Nature neuroscience},
  volume={4},
  number={2},
  pages={194},
  year={2001},
  publisher={Nature Publishing Group}
}

@article{womelsdorf2007modulation,
  title={Modulation of neuronal interactions through neuronal synchronization},
  author={Womelsdorf, Thilo and Schoffelen, Jan-Mathijs and Oostenveld, Robert and Singer, Wolf and Desimone, Robert and Engel, Andreas K and Fries, Pascal},
  journal={science},
  volume={316},
  number={5831},
  pages={1609--1612},
  year={2007},
  publisher={American Association for the Advancement of Science}
}

@article{reynolds1999competitive,
  title={Competitive mechanisms subserve attention in macaque areas V2 and V4},
  author={Reynolds, John H and Chelazzi, Leonardo and Desimone, Robert},
  journal={Journal of Neuroscience},
  volume={19},
  number={5},
  pages={1736--1753},
  year={1999},
  publisher={Soc Neuroscience}
}

@article{fries2005mechanism,
  title={A mechanism for cognitive dynamics: neuronal communication through neuronal coherence},
  author={Fries, Pascal},
  journal={Trends in cognitive sciences},
  volume={9},
  number={10},
  pages={474--480},
  year={2005},
  publisher={Elsevier}
}

@article{fries2007gamma,
  title={The gamma cycle},
  author={Fries, Pascal and Nikoli{\'c}, Danko and Singer, Wolf},
  journal={Trends in neurosciences},
  volume={30},
  number={7},
  pages={309--316},
  year={2007},
  publisher={Elsevier}
}

@article{havenith2011synchrony,
  title={Synchrony makes neurons fire in sequence, and stimulus properties determine who is ahead},
  author={Havenith, Martha N and Yu, Shan and Biederlack, Julia and Chen, Nan-Hui and Singer, Wolf and Nikoli{\'c}, Danko},
  journal={Journal of neuroscience},
  volume={31},
  number={23},
  pages={8570--8584},
  year={2011},
  publisher={Soc Neuroscience}
}

@article{vinck2010gamma,
  title={Gamma-phase shifting in awake monkey visual cortex},
  author={Vinck, Martin and Lima, Bruss and Womelsdorf, Thilo and Oostenveld, Robert and Singer, Wolf and Neuenschwander, Sergio and Fries, Pascal},
  journal={Journal of Neuroscience},
  volume={30},
  number={4},
  pages={1250--1257},
  year={2010},
  publisher={Soc Neuroscience}
}

@article{vinck2013attentional,
  title={Attentional modulation of cell-class-specific gamma-band synchronization in awake monkey area v4},
  author={Vinck, Martin and Womelsdorf, Thilo and Buffalo, Elizabeth A and Desimone, Robert and Fries, Pascal},
  journal={Neuron},
  volume={80},
  number={4},
  pages={1077--1089},
  year={2013},
  publisher={Elsevier}
}


@article{fries2015rhythms,
  title={Rhythms for cognition: communication through coherence},
  author={Fries, Pascal},
  journal={Neuron},
  volume={88},
  number={1},
  pages={220--235},
  year={2015},
  publisher={Elsevier}
}

@article{bosman2012attentional,
  title={Attentional stimulus selection through selective synchronization between monkey visual areas},
  author={Bosman, Conrado A and Schoffelen, Jan-Mathijs and Brunet, Nicolas and Oostenveld, Robert and Bastos, Andre M and Womelsdorf, Thilo and Rubehn, Birthe and Stieglitz, Thomas and De Weerd, Peter and Fries, Pascal},
  journal={Neuron},
  volume={75},
  number={5},
  pages={875--888},
  year={2012},
  publisher={Elsevier}
}

@article{hafting2005microstructure,
  title={Microstructure of a spatial map in the entorhinal cortex},
  author={Hafting, Torkel and Fyhn, Marianne and Molden, Sturla and Moser, May-Britt and Moser, Edvard I},
  journal={Nature},
  volume={436},
  number={7052},
  pages={801},
  year={2005},
  publisher={Nature Publishing Group}
}


@article{hawkins2017theory,
  title={A theory of how columns in the neocortex enable learning the structure of the world},
  author={Hawkins, Jeff and Ahmad, Subutai and Cui, Yuwei},
  journal={Frontiers in neural circuits},
  volume={11},
  pages={81},
  year={2017},
  publisher={Frontiers}
}


@ARTICLE{hawkins2019,
  
AUTHOR={Hawkins, Jeff and Lewis, Marcus and Klukas, Mirko and Purdy, Scott and Ahmad, Subutai},   
	 
TITLE={A Framework for Intelligence and Cortical Function Based on Grid Cells in the Neocortex},      
	
JOURNAL={Frontiers in Neural Circuits},      
	
VOLUME={12},      

PAGES={121},     
	
YEAR={2019},      
	  
URL={https://www.frontiersin.org/article/10.3389/fncir.2018.00121},       
	
DOI={10.3389/fncir.2018.00121},      
	
ISSN={1662-5110},   
   
ABSTRACT={How the neocortex works is a mystery. In this paper we propose a novel framework for understanding its function. Grid cells are neurons in the entorhinal cortex that represent the location of an animal in its environment. Recent evidence suggests that grid cell-like neurons may also be present in the neocortex. We propose that grid cells exist throughout the neocortex, in every region and in every cortical column. They define a location-based framework for how the neocortex functions. Whereas grid cells in the entorhinal cortex represent the location of one thing, the body relative to its environment, we propose that cortical grid cells simultaneously represent the location of many things. Cortical columns in somatosensory cortex track the location of tactile features relative to the object being touched and cortical columns in visual cortex track the location of visual features relative to the object being viewed. We propose that mechanisms in the entorhinal cortex and hippocampus that evolved for learning the structure of environments are now used by the neocortex to learn the structure of objects. Having a representation of location in each cortical column suggests mechanisms for how the neocortex represents object compositionality and object behaviors. It leads to the hypothesis that every part of the neocortex learns complete models of objects and that there are many models of each object distributed throughout the neocortex. The similarity of circuitry observed in all cortical regions is strong evidence that even high-level cognitive tasks are learned and represented in a location-based framework.}
}

@article{Treisman_Illusory_1982,
  volume={14},
  pmid={7053925},
  issn={0010-0285},
  file={/Users/James/Documents/ReadCube Media/Treisman et al-1982-Cognitive Psychol.pdf},
  doi={10.1016/0010-0285(82)90006-8},
  author={Treisman, Anne and Schmidt, Hilary},
  title={Illusory conjunctions in the perception of objects},
  journal={Cognitive Psychol},
  number={1},
  year={1982},
  pages={107-141},
  abstract={In perceiving objects we may synthesize conjunctions of separable features by directing attention serially to each item in turn {(A.} Treisman and G. Gelade, Cognitive Psychology, 1980, 12, 97–136). This feature-integration theory predicts that when attention is diverted or overloaded, features may be wrongly recombined, giving rise to “illusory conjunctions.” The present paper confirms that illusory conjunctions are frequently experienced among unattended stimuli varying in color and shape, and that they occur also with size and solidity (outlined versus filled-in shapes). They are shown both in verbal recall and in simultaneous and successive matching tasks, making it unlikely that they depend on verbal labeling or on memory failure. They occur as often between stimuli differing on many features as between more similar stimuli, and spatial separation has little effect on their frequency. Each feature seems to be coded as an independent entity and to migrate, when attention is diverted, with few constraints from the other features of its source or destination.}
}


@article{thorpe1989biological,
  title={Biological constraints on connectionist modelling},
  author={Thorpe, Simon J and Imbert, Michel},
  journal={Connectionism in perspective},
  pages={63--92},
  year={1989},
  publisher={Elsevier Amsterdam}
}

@article{thorpe1996speed,
  title={Speed of processing in the human visual system},
  author={Thorpe, Simon and Fize, Denis and Marlot, Catherine},
  journal={nature},
  volume={381},
  number={6582},
  pages={520},
  year={1996},
  publisher={Nature Publishing Group}
}

@article{perrett1982visual,
  title={Visual neurones responsive to faces in the monkey temporal cortex},
  author={Perrett, David I and Rolls, Edmond T and Caan, Woody},
  journal={Experimental brain research},
  volume={47},
  number={3},
  pages={329--342},
  year={1982},
  publisher={Springer}
}


@article{von1999and,
  title={The what and why of binding: the modeler’s perspective},
  author={Von der Malsburg, Christoph},
  journal={Neuron},
  volume={24},
  number={1},
  pages={95--104},
  year={1999},
  publisher={Elsevier}
}


@article{barlow1961possible,
  title={Possible principles underlying the transformation of sensory messages},
  author={Barlow, Horace B and others},
  journal={Sensory communication},
  volume={1},
  pages={217--234},
  year={1961}
}


@article{sharpee2006adaptive,
  title={Adaptive filtering enhances information transmission in visual cortex},
  author={Sharpee, Tatyana O and Sugihara, Hiroki and Kurgansky, Andrei V and Rebrik, Sergei P and Stryker, Michael P and Miller, Kenneth D},
  journal={Nature},
  volume={439},
  number={7079},
  pages={936--942},
  year={2006},
  publisher={Nature Publishing Group}
}


@article{ulanovsky2003processing,
  title={Processing of low-probability sounds by cortical neurons},
  author={Ulanovsky, Nachum and Las, Liora and Nelken, Israel},
  journal={Nature neuroscience},
  volume={6},
  number={4},
  pages={391--398},
  year={2003},
  publisher={Nature Publishing Group}
}



@article{dragoi2002dynamics,
  title={Dynamics of neuronal sensitivity in visual cortex and local feature discrimination},
  author={Dragoi, Valentin and Sharma, Jitendra and Miller, Earl K and Sur, Mriganka},
  journal={Nature neuroscience},
  volume={5},
  number={9},
  pages={883--891},
  year={2002},
  publisher={Nature Publishing Group}
}


@misc{storchi2012comparison,
  title={Comparison of latency and rate coding for the direction of whisker deflection in the subcortical somatosensory pathway},
  author={Storchi, Riccardo and Bale, Michael R and Biella, Gabriele EM and Petersen, Rasmus S},
  year={2012},
  publisher={American Physiological Society Bethesda, MD}
}


@article{reyes2014laminar,
  title={Laminar and columnar structure of sensory-evoked multineuronal spike sequences in adult rat barrel cortex in vivo},
  author={Reyes-Puerta, Vicente and Sun, Jyh-Jang and Kim, Suam and Kilb, Werner and Luhmann, Heiko J},
  journal={Cerebral Cortex},
  volume={25},
  number={8},
  pages={2001--2021},
  year={2014},
  publisher={Oxford University Press}
}

@article{reyes2015long,
  title={Long-range intralaminar noise correlations in the barrel cortex},
  author={Reyes-Puerta, Vicente and Amitai, Yael and Sun, Jyh-Jang and Shani, Itamar and Luhmann, Heiko J and Shamir, Maoz},
  journal={Journal of neurophysiology},
  volume={113},
  number={9},
  pages={3410--3420},
  year={2015},
  publisher={American Physiological Society Bethesda, MD}
}



% Multiple objects
@article{zoccolan2005multiple,
  title={Multiple object response normalization in monkey inferotemporal cortex},
  author={Zoccolan, Davide and Cox, David D and DiCarlo, James J},
  journal={Journal of Neuroscience},
  volume={25},
  number={36},
  pages={8150--8164},
  year={2005},
  publisher={Soc Neuroscience}
}

@article{rolls1995responses,
  title={The responses of single neurons in the temporal visual cortical areas of the macaque when more than one stimulus is present in the receptive field},
  author={Rolls, Edmund T and Tovee, Martin J},
  journal={Experimental Brain Research},
  volume={103},
  number={3},
  pages={409--420},
  year={1995},
  publisher={Springer}
}



% NHP
@article{chang2017code,
  title={The code for facial identity in the primate brain},
  author={Chang, Le and Tsao, Doris Y},
  journal={Cell},
  volume={169},
  number={6},
  pages={1013--1028},
  year={2017},
  publisher={Elsevier}
}


@article{bao2018representation,
  title={Representation of multiple objects in macaque category-selective areas},
  author={Bao, Pinglei and Tsao, Doris Y},
  journal={Nature communications},
  volume={9},
  number={1},
  pages={1774},
  year={2018},
  publisher={Nature Publishing Group}
}


@article{gasparini2006state,
  title={State-dependent dendritic computation in hippocampal CA1 pyramidal neurons},
  author={Gasparini, Sonia and Magee, Jeffrey C},
  journal={Journal of Neuroscience},
  volume={26},
  number={7},
  pages={2088--2100},
  year={2006},
  publisher={Soc Neuroscience}
}

@article{branco2010dendritic,
  title={Dendritic discrimination of temporal input sequences in cortical neurons},
  author={Branco, Tiago and Clark, Beverley A and H{\"a}usser, Michael},
  journal={Science},
  volume={329},
  number={5999},
  pages={1671--1675},
  year={2010},
  publisher={American Association for the Advancement of Science}
}

@article{branco2011synaptic,
  title={Synaptic integration gradients in single cortical pyramidal cell dendrites},
  author={Branco, Tiago and H{\"a}usser, Michael},
  journal={Neuron},
  volume={69},
  number={5},
  pages={885--892},
  year={2011},
  publisher={Elsevier}
}


@inproceedings{sabour2017dynamic,
  title={Dynamic routing between capsules},
  author={Sabour, Sara and Frosst, Nicholas and Hinton, Geoffrey E},
  booktitle={Advances in neural information processing systems},
  pages={3856--3866},
  year={2017}
}


@article{gutig2009time,
  title={Time-warp--invariant neuronal processing},
  author={G{\"u}tig, Robert and Sompolinsky, Haim},
  journal={PLoS biology},
  volume={7},
  number={7},
  pages={e1000141},
  year={2009},
  publisher={Public Library of Science}
}


@article{williams2020discovering,
  title={Discovering precise temporal patterns in large-scale neural recordings through robust and interpretable time warping},
  author={Williams, Alex H and Poole, Ben and Maheswaranathan, Niru and Dhawale, Ashesh K and Fisher, Tucker and Wilson, Christopher D and Brann, David H and Trautmann, Eric M and Ryu, Stephen and Shusterman, Roman and others},
  journal={Neuron},
  volume={105},
  number={2},
  pages={246--259},
  year={2020},
  publisher={Elsevier}
}

@article{moreno2014information,
  title={Information-limiting correlations},
  author={Moreno-Bote, Rub{\'e}n and Beck, Jeffrey and Kanitscheider, Ingmar and Pitkow, Xaq and Latham, Peter and Pouget, Alexandre},
  journal={Nature neuroscience},
  volume={17},
  number={10},
  pages={1410--1417},
  year={2014},
  publisher={Nature Publishing Group}
}

@article{stringer2019high,
  title={High precision coding in visual cortex},
  author={Stringer, Carsen and Michaelos, Michalis and Pachitariu, Marius},
  journal={BioRxiv},
  pages={679324},
  year={2019},
  publisher={Cold Spring Harbor Laboratory}
}

@article{abbott1999effect,
  title={The effect of correlated variability on the accuracy of a population code},
  author={Abbott, Larry F and Dayan, Peter},
  journal={Neural computation},
  volume={11},
  number={1},
  pages={91--101},
  year={1999},
  publisher={MIT Press}
}

@book{gerstner2014neuronal,
  title={Neuronal dynamics: From single neurons to networks and models of cognition},
  author={Gerstner, Wulfram and Kistler, Werner M and Naud, Richard and Paninski, Liam},
  year={2014},
  publisher={Cambridge University Press}
}

@article{cunningham2014dimensionality,
  title={Dimensionality reduction for large-scale neural recordings},
  author={Cunningham, John P and Byron, M Yu},
  journal={Nature neuroscience},
  volume={17},
  number={11},
  pages={1500--1509},
  year={2014},
  publisher={Nature Publishing Group}
}

@article{ahrens2012brain,
  title={Brain-wide neuronal dynamics during motor adaptation in zebrafish},
  author={Ahrens, Misha B and Li, Jennifer M and Orger, Michael B and Robson, Drew N and Schier, Alexander F and Engert, Florian and Portugues, Ruben},
  journal={Nature},
  volume={485},
  number={7399},
  pages={471--477},
  year={2012},
  publisher={Nature Publishing Group}
}

@article{mante2013context,
  title={Context-dependent computation by recurrent dynamics in prefrontal cortex},
  author={Mante, Valerio and Sussillo, David and Shenoy, Krishna V and Newsome, William T},
  journal={nature},
  volume={503},
  number={7474},
  pages={78--84},
  year={2013},
  publisher={Nature Publishing Group}
}


@article{cohen2010neuronal,
  title={A neuronal population measure of attention predicts behavioral performance on individual trials},
  author={Cohen, Marlene R and Maunsell, John HR},
  journal={Journal of Neuroscience},
  volume={30},
  number={45},
  pages={15241--15253},
  year={2010},
  publisher={Soc Neuroscience}
}

@article{markram1997regulation,
  title={Regulation of synaptic efficacy by coincidence of postsynaptic APs and EPSPs},
  author={Markram, Henry and L{\"u}bke, Joachim and Frotscher, Michael and Sakmann, Bert},
  journal={Science},
  volume={275},
  number={5297},
  pages={213--215},
  year={1997},
  publisher={American Association for the Advancement of Science}
}

@article{petersen2003interaction,
  title={Interaction of sensory responses with spontaneous depolarization in layer 2/3 barrel cortex},
  author={Petersen, Carl CH and Hahn, Thomas TG and Mehta, Mayank and Grinvald, Amiram and Sakmann, Bert},
  journal={Proceedings of the National Academy of Sciences},
  volume={100},
  number={23},
  pages={13638--13643},
  year={2003},
  publisher={National Acad Sciences}
}

@article{poulet2008internal,
  title={Internal brain state regulates membrane potential synchrony in barrel cortex of behaving mice},
  author={Poulet, James FA and Petersen, Carl CH},
  journal={Nature},
  volume={454},
  number={7206},
  pages={881},
  year={2008},
  publisher={Nature Publishing Group}
}

@article{russo2017cell,
  title={Cell assemblies at multiple time scales with arbitrary lag constellations},
  author={Russo, Eleonora and Durstewitz, Daniel},
  journal={Elife},
  volume={6},
  pages={e19428},
  year={2017},
  publisher={eLife Sciences Publications Limited}
}



@article{margolis2012reorganization,
  title={Reorganization of cortical population activity imaged throughout long-term sensory deprivation},
  author={Margolis, David J and L{\"u}tcke, Henry and Schulz, Kristina and Haiss, Florent and Weber, Bruno and K{\"u}gler, Sebastian and Hasan, Mazahir T and Helmchen, Fritjof},
  journal={Nature neuroscience},
  volume={15},
  number={11},
  pages={1539},
  year={2012},
  publisher={Nature Publishing Group}
}


@incollection{margolis2014chronic,
  title={Chronic two-photon imaging of neural activity in the anesthetized and awake behaving rodent},
  author={Margolis, David J and L{\"u}tcke, Henry and Helmchen, Fritjof and Weber, Bruno and Haiss, Florent},
  booktitle={Optical Imaging of Neocortical Dynamics},
  pages={151--173},
  year={2014},
  publisher={Springer}
}

@article{mayrhofer2015sparse,
  title={Sparse, reliable, and long-term stable representation of periodic whisker deflections in the mouse barrel cortex},
  author={Mayrhofer, Johannes M and Haiss, Florent and Helmchen, Fritjof and Weber, Bruno},
  journal={Neuroimage},
  volume={115},
  pages={52--63},
  year={2015},
  publisher={Elsevier}
}

@article{lemessurier2018plasticity,
  title={Plasticity of population coding in primary sensory cortex},
  author={LeMessurier, Amy M and Feldman, Daniel E},
  journal={Current opinion in neurobiology},
  volume={53},
  pages={50--56},
  year={2018},
  publisher={Elsevier}
}

@article{chung2002short,
  title={Short-term depression at thalamocortical synapses contributes to rapid adaptation of cortical sensory responses in vivo},
  author={Chung, Sooyoung and Li, Xiangrui and Nelson, Sacha B},
  journal={Neuron},
  volume={34},
  number={3},
  pages={437--446},
  year={2002},
  publisher={Elsevier}
}


@article{deschenes2003relay,
  title={The relay of high-frequency sensory signals in the whisker-to-barreloid pathway},
  author={Desch{\^e}nes, Martin and Timofeeva, Elena and Lavall{\'e}e, Philippe},
  journal={Journal of Neuroscience},
  volume={23},
  number={17},
  pages={6778--6787},
  year={2003},
  publisher={Soc Neuroscience}
}

@article{higley2006balanced,
  title={Balanced excitation and inhibition determine spike timing during frequency adaptation},
  author={Higley, Michael J and Contreras, Diego},
  journal={Journal of Neuroscience},
  volume={26},
  number={2},
  pages={448--457},
  year={2006},
  publisher={Soc Neuroscience}
}

@article{malina2013imbalance,
  title={Imbalance between excitation and inhibition in the somatosensory cortex produces postadaptation facilitation},
  author={Malina, Katayun Cohen-Kashi and Jubran, Muna and Katz, Yonatan and Lampl, Ilan},
  journal={Journal of Neuroscience},
  volume={33},
  number={19},
  pages={8463--8471},
  year={2013},
  publisher={Soc Neuroscience}
}

@article{heiss2008shift,
  title={Shift in the balance between excitation and inhibition during sensory adaptation of S1 neurons},
  author={Heiss, Jaime E and Katz, Yonatan and Ganmor, Elad and Lampl, Ilan},
  journal={Journal of Neuroscience},
  volume={28},
  number={49},
  pages={13320--13330},
  year={2008},
  publisher={Soc Neuroscience}
}

@article{mohar2013opposite,
  title={Opposite adaptive processing of stimulus intensity in two major nuclei of the somatosensory brainstem},
  author={Mohar, Boaz and Katz, Yonatan and Lampl, Ilan},
  journal={Journal of Neuroscience},
  volume={33},
  number={39},
  pages={15394--15400},
  year={2013},
  publisher={Soc Neuroscience}
}



@article{castro2004absence,
  title={Absence of rapid sensory adaptation in neocortex during information processing states},
  author={Castro-Alamancos, Manuel A},
  journal={Neuron},
  volume={41},
  number={3},
  pages={455--464},
  year={2004},
  publisher={Elsevier}
}


@article{katz2012trial,
  title={Trial-to-trial correlation between thalamic sensory response and global EEG activity},
  author={Katz, Yonatan and Okun, Michael and Lampl, Ilan},
  journal={European Journal of Neuroscience},
  volume={35},
  number={6},
  pages={826--837},
  year={2012},
  publisher={Wiley Online Library}
}




@article{ahissar2000transformation,
  title={Transformation from temporal to rate coding in a somatosensory thalamocortical pathway},
  author={Ahissar, Ehud and Sosnik, Ronen and Haidarliu, Sebastian},
  journal={Nature},
  volume={406},
  number={6793},
  pages={302--306},
  year={2000},
  publisher={Nature Publishing Group}
}


@article{ahissar2001temporal,
  title={Temporal frequency of whisker movement. II. Laminar organization of cortical representations},
  author={Ahissar, Ehud and Sosnik, Ronen and Bagdasarian, Knarik and Haidarliu, Sebastian},
  journal={Journal of Neurophysiology},
  volume={86},
  number={1},
  pages={354--367},
  year={2001},
  publisher={American Physiological Society Bethesda, MD}
}

@article{khatri2009stimulus,
  title={Stimulus-specific and stimulus-nonspecific firing synchrony and its modulation by sensory adaptation in the whisker-to-barrel pathway},
  author={Khatri, Vivek and Bruno, Randy M and Simons, Daniel J},
  journal={Journal of neurophysiology},
  volume={101},
  number={5},
  pages={2328--2338},
  year={2009},
  publisher={American Physiological Society}
}

@article{martin2014tactile,
  title={Tactile response adaptation to whisker stimulation in the lemniscal somatosensory pathway of rats},
  author={Martin-Cortecero, Jesus and Nu{\~n}ez, Angel},
  journal={Brain research},
  volume={1591},
  pages={27--37},
  year={2014},
  publisher={Elsevier}
}

@article{kheradpezhouh2017response,
  title={Response dynamics of rat barrel cortex neurons to repeated sensory stimulation},
  author={Kheradpezhouh, Ehsan and Adibi, Mehdi and Arabzadeh, Ehsan},
  journal={Scientific reports},
  volume={7},
  number={1},
  pages={1--10},
  year={2017},
  publisher={Nature Publishing Group}
}




@article{lampl2017neuronal,
  title={Neuronal adaptation in the somatosensory system of rodents},
  author={Lampl, Ilan and Katz, Yonatan},
  journal={Neuroscience},
  volume={343},
  pages={66--76},
  year={2017},
  publisher={Elsevier}
}


@article{van2017layer,
  title={Layer-specific refinement of sensory coding in developing mouse barrel cortex},
  author={van der Bourg, Alexander and Yang, Jenq-Wei and Reyes-Puerta, Vicente and Laurenczy, Balazs and Wieckhorst, Martin and St{\"u}ttgen, Maik C and Luhmann, Heiko J and Helmchen, Fritjof},
  journal={Cerebral cortex},
  volume={27},
  number={10},
  pages={4835--4850},
  year={2017},
  publisher={Oxford University Press}
}


@article{barros2019response,
  title={Response adaptation in barrel cortical neurons facilitates stimulus detection during rhythmic whisker stimulation in anesthetized mice},
  author={Barros-Zulaica, Natali and Villa, Alessandro EP and Nu{\~n}ez, Angel},
  journal={Eneuro},
  volume={6},
  number={2},
  year={2019},
  publisher={Society for Neuroscience}
}


@article{harris2000accuracy,
  title={Accuracy of tetrode spike separation as determined by simultaneous intracellular and extracellular measurements},
  author={Harris, Kenneth D and Henze, Darrell A and Csicsvari, Jozsef and Hirase, Hajime and Buzsaki, Gyorgy},
  journal={Journal of neurophysiology},
  volume={84},
  number={1},
  pages={401--414},
  year={2000},
  publisher={American Physiological Society Bethesda, MD}
}

@article{einevoll2012towards,
  title={Towards reliable spike-train recordings from thousands of neurons with multielectrodes},
  author={Einevoll, Gaute T and Franke, Felix and Hagen, Espen and Pouzat, Christophe and Harris, Kenneth D},
  journal={Current opinion in neurobiology},
  volume={22},
  number={1},
  pages={11--17},
  year={2012},
  publisher={Elsevier}
}

@article{gray1995tetrodes,
  title={Tetrodes markedly improve the reliability and yield of multiple single-unit isolation from multi-unit recordings in cat striate cortex},
  author={Gray, Charles M and Maldonado, Pedro E and Wilson, Mathew and McNaughton, Bruce},
  journal={Journal of neuroscience methods},
  volume={63},
  number={1-2},
  pages={43--54},
  year={1995},
  publisher={Elsevier}
}

@article{hazan2006klusters,
  title={Klusters, NeuroScope, NDManager: a free software suite for neurophysiological data processing and visualization},
  author={Hazan, Lynn and Zugaro, Micha{\"e}l and Buzs{\'a}ki, Gy{\"o}rgy},
  journal={Journal of neuroscience methods},
  volume={155},
  number={2},
  pages={207--216},
  year={2006},
  publisher={Elsevier}
}

@article{sirota2008entrainment,
  title={Entrainment of neocortical neurons and gamma oscillations by the hippocampal theta rhythm},
  author={Sirota, Anton and Montgomery, Sean and Fujisawa, Shigeyoshi and Isomura, Yoshikazu and Zugaro, Michael and Buzs{\'a}ki, Gy{\"o}rgy},
  journal={Neuron},
  volume={60},
  number={4},
  pages={683--697},
  year={2008},
  publisher={Elsevier}
}


@article{sakata2009laminar,
  title={Laminar structure of spontaneous and sensory-evoked population activity in auditory cortex},
  author={Sakata, Shuzo and Harris, Kenneth D},
  journal={Neuron},
  volume={64},
  number={3},
  pages={404--418},
  year={2009},
  publisher={Elsevier}
}


@article{royer2012control,
  title={Control of timing, rate and bursts of hippocampal place cells by dendritic and somatic inhibition},
  author={Royer, S{\'e}bastien and Zemelman, Boris V and Losonczy, Attila and Kim, Jinhyun and Chance, Frances and Magee, Jeffrey C and Buzs{\'a}ki, Gy{\"o}rgy},
  journal={Nature neuroscience},
  volume={15},
  number={5},
  pages={769--775},
  year={2012},
  publisher={Nature Publishing Group}
}



@article{reid2012functional,
  title={From functional architecture to functional connectomics},
  author={Reid, R Clay},
  journal={Neuron},
  volume={75},
  number={2},
  pages={209--217},
  year={2012},
  publisher={Elsevier}
}

@article{feldmeyer2013barrel,
  title={Barrel cortex function},
  author={Feldmeyer, Dirk and Brecht, Michael and Helmchen, Fritjof and Petersen, Carl CH and Poulet, James FA and Staiger, Jochen F and Luhmann, Heiko J and Schwarz, Cornelius},
  journal={Progress in neurobiology},
  volume={103},
  pages={3--27},
  year={2013},
  publisher={Elsevier}
}


@article{averbeck2006neural,
  title={Neural correlations, population coding and computation},
  author={Averbeck, Bruno B and Latham, Peter E and Pouget, Alexandre},
  journal={Nature reviews neuroscience},
  volume={7},
  number={5},
  pages={358--366},
  year={2006},
  publisher={Nature Publishing Group}
}


@article{panzeri2001role,
  title={The role of spike timing in the coding of stimulus location in rat somatosensory cortex},
  author={Panzeri, Stefano and Petersen, Rasmus S and Schultz, Simon R and Lebedev, Michael and Diamond, Mathew E},
  journal={Neuron},
  volume={29},
  number={3},
  pages={769--777},
  year={2001},
  publisher={Elsevier}
}


@article{lin2015nature,
  title={The nature of shared cortical variability},
  author={Lin, I-Chun and Okun, Michael and Carandini, Matteo and Harris, Kenneth D},
  journal={Neuron},
  volume={87},
  number={3},
  pages={644--656},
  year={2015},
  publisher={Elsevier}
}

@article{reyes2015high,
  title={High stimulus-related information in barrel cortex inhibitory interneurons},
  author={Reyes-Puerta, Vicente and Kim, Suam and Sun, Jyh-Jang and Imbrosci, Barbara and Kilb, Werner and Luhmann, Heiko J},
  journal={PLoS computational biology},
  volume={11},
  number={6},
  pages={e1004121},
  year={2015},
  publisher={Public Library of Science San Francisco, CA USA}
}

@article{mainen1995reliability,
  title={Reliability of spike timing in neocortical neurons},
  author={Mainen, Zachary F and Sejnowski, Terrence J},
  journal={Science},
  volume={268},
  number={5216},
  pages={1503--1506},
  year={1995},
  publisher={American Association for the Advancement of Science}
}

@article{carandini2004amplification,
  title={Amplification of trial-to-trial response variability by neurons in visual cortex},
  author={Carandini, Matteo},
  journal={PLoS Biol},
  volume={2},
  number={9},
  pages={e264},
  year={2004},
  publisher={Public Library of Science}
}


@article{luczak2013gating,
  title={Gating of sensory input by spontaneous cortical activity},
  author={Luczak, Artur and Bartho, Peter and Harris, Kenneth D},
  journal={Journal of Neuroscience},
  volume={33},
  number={4},
  pages={1684--1695},
  year={2013},
  publisher={Soc Neuroscience}
}

@article{scholvinck2015cortical,
  title={Cortical state determines global variability and correlations in visual cortex},
  author={Sch{\"o}lvinck, Marieke L and Saleem, Aman B and Benucci, Andrea and Harris, Kenneth D and Carandini, Matteo},
  journal={Journal of Neuroscience},
  volume={35},
  number={1},
  pages={170--178},
  year={2015},
  publisher={Soc Neuroscience}
}

@article{arieli1996dynamics,
  title={Dynamics of ongoing activity: explanation of the large variability in evoked cortical responses},
  author={Arieli, Amos and Sterkin, Alexander and Grinvald, Amiram and Aertsen, AD},
  journal={Science},
  volume={273},
  number={5283},
  pages={1868--1871},
  year={1996},
  publisher={American Association for the Advancement of Science}
}


@article{ayaz2013locomotion,
  title={Locomotion controls spatial integration in mouse visual cortex},
  author={Ayaz, Asl{\i} and Saleem, Aman B and Sch{\"o}lvinck, Marieke L and Carandini, Matteo},
  journal={Current Biology},
  volume={23},
  number={10},
  pages={890--894},
  year={2013},
  publisher={Elsevier}
}